<?xml version="1.0" encoding="UTF-8"?><collection xmlns="http://www.loc.gov/MARC21/slim"><record><leader>00472nam--2200157-i-4500</leader><controlfield tag="001">000043978</controlfield><controlfield tag="002">20161230</controlfield><controlfield tag="005">20170113223852</controlfield><controlfield tag="008">060222s1000------------r-----000-0-eng-d</controlfield><datafield ind1=" " ind2=" " tag="080"><subfield code="a">514.756:515.165(043)</subfield></datafield><datafield ind1=" " ind2=" " tag="100"><subfield code="a">Teufel, Eberhard</subfield></datafield><datafield ind1=" " ind2=" " tag="245"><subfield code="a">Totale krummung und totale absolukdrummung in der spharischen differentialgeometrie und differentialtopologie</subfield></datafield><datafield ind1=" " ind2=" " tag="260"><subfield code="a">Stuttgart</subfield><subfield code="b">Univ</subfield><subfield code="c">1979</subfield></datafield><datafield ind1=" " ind2=" " tag="300"><subfield code="a">81 p</subfield></datafield><datafield ind1=" " ind2=" " tag="852"><subfield code="a">47393</subfield><subfield code="c">513.83</subfield></datafield><datafield ind1=" " ind2=" " tag="CAT"><subfield code="a">SYS</subfield><subfield code="c">20170113</subfield><subfield code="h">223852</subfield></datafield></record></collection>